 @misc{szczukocki_2019, title={Visitor Design Pattern in java}, url={https://www.baeldung.com/java-visitor-pattern}, journal={baeldung}, author={Szczukocki, Denis}, year={2019}, month={Sep}} 
 
 @misc{llvm, title={{LLVM} Language Reference Manual}, url={https://llvm.org/docs/LangRef.html}, journal={LLVM Project}, author={{LLVM} Project}, year={2021}, month={Feb}} 
 
 @book{DBLP:books/cu/Appel1998,
 	author    = {Andrew W. Appel},
 	title     = {Modern Compiler Implementation in Java},
 	publisher = {Cambridge University Press},
 	year      = {1998},
 	isbn      = {0-521-58388-8},
 	timestamp = {Mon, 12 Jan 2004 14:04:07 +0100},
 	biburl    = {https://dblp.org/rec/books/cu/Appel1998.bib},
 	bibsource = {dblp computer science bibliography, https://dblp.org}
 }

@book{DBLP:books/aw/AhoSU86,
	author    = {Alfred V. Aho and
	Ravi Sethi and
	Jeffrey D. Ullman},
	title     = {Compilers: Principles, Techniques, and Tools},
	series    = {Addison-Wesley series in computer science / World student series edition},
	publisher = {Addison-Wesley},
	year      = {1986},
	url       = {https://www.worldcat.org/oclc/12285707},
	isbn      = {0-201-10088-6},
	timestamp = {Fri, 17 Jul 2020 16:12:45 +0200},
	biburl    = {https://dblp.org/rec/books/aw/AhoSU86.bib},
	bibsource = {dblp computer science bibliography, https://dblp.org}
}

@misc{aiken, title={Compilers({SOE-YCSCS1})}, url={https://online.stanford.edu/courses/soe-ycscs1-compilers}, journal={Compilers | Stanford Online}, author={Aiken, Alex}}